@manual{anleitung,
  author = {TU Dortmund},
  title = {V27 - Zeeman Effekt},
  year = 2019
}

@book{demtroeder,
  title = {Experimentalphysik 3},
  publisher = {Springer Spektrum},
  author = {Demtröder, Wolfgang},
  year = 2016,
  }

@book{sternspektren,
title = {Sternspektren und Sternatmosphären},
subtitle = {3.1.11 Linienaufspaltung durch den Zeeman-Effekt},
publisher = {Springer Spektrum},
author = {Scholz, Mathias},
year = 2018,
}