@manual{anleitung,
  author = {TU Dortmund},
  title = {Versuch zur Röntgenreflektrometrie, V44},
  year = 2014
}

@manual{alte_anleitung,
  author={TU Dortmund},
  title ={Versuch zur Röntgenreflektrometrie},
  url = {https://www.e1.physik.tu-dortmund.de/cms/Medienpool/Downloads/Roentgenreflektometrie_Versuch.pdf},
  urldate = {2021-07-27}
  }
