@manual{Anleitung,
  author = {TU Dortmund},
  title = {Versuchsanleitung zu Versuch 53, Mikrowellen auf Hohlleitern},
  year = 2004
}
@online{wikipedia,
  url= {https://de.wikipedia.org/wiki/Hohlleiter},
  urldate = {2021-06-27},
  title={Hohlleiter},
}