@manual{anleitung_laser,
  author = {TeachSpin},
  title = {Diode Laser Spectroscopy},
  year = 2009
}
@manual{anleitung_exp,
  author = {TeachSpin},
  title = {Diode Laser Spectroscopy, Overview of the Instrument, Initial Setup, First Explorations},
  year = 2009
}

@website{wikipedia_valence_conduction_band,
  title = {Valence and conduction bands},
  url = {https://en.wikipedia.org/wiki/Valence_and_conduction_bands},
  date = {2021-07-08},
}

@website{p-type_doping,
  url={https://www.elprocus.com/difference-between-p-type-semiconductor-and-n-type-semiconductor/},
  title = {Difference between P-type Semiconductor and N-type Semiconductor},
  date ={2021-07-08},
}