@manual{anleitung,
  author = {TU Dortmund},
  title = {V48 - Dipolrelaxation in Ionenkristallen},
}
@manual{constants,
  author = {The NIST Reference on Constants, Units, and Uncertainty},
  title = {Fundamental Physical Constants},
  subtitle = {Boltzmann constant},
  year = 2018
}
@manual{muccillo,
  author = {R. Muccillo and J. Rolfe},
  title = {Effect of Irradiation on Impurity-Vacancy Dipoles in KBr Crystals Doped with Strontium},
  year = 1974,
  organization = {National Research Council Canada}
}